@book{holcombe2008running,
  title={Running an agile software development project},
  author={Holcombe, Mike},
  year={2008},
  publisher={John Wiley \& Sons}

@book{schuh2004integrating,
  title={Integrating agile development in the real world},
  author={Schuh, Peter},
  year={2004},
  publisher={Charles River Media, Inc.}

@book{keith2010agile,
  title={Agile Game Development with Scrum (Adobe Reader)},
  author={Keith, Clinton},
  year={2010},
  publisher={Pearson Education}
}